<?xml version="1.0" encoding="UTF-8"?>
<record xmlns="http://www.loc.gov/MARC21/slim">
   <leader>00704cam a22002055  4500</leader>
   <controlfield tag="001">2638741</controlfield>
   <controlfield tag="003">NjP</controlfield>
   <controlfield tag="005">20170918172259.0</controlfield>
   <controlfield tag="008">990901s1953    ua            000 0 ara d</controlfield>
   <datafield tag="024" ind1="7" ind2=" ">
      <subfield code="a">princeton_aco004941</subfield>
      <subfield code="2">local</subfield>
   </datafield>
   <datafield ind1=" " ind2=" " tag="035">
      <subfield code="a">(OCoLC)ocm42276579</subfield>
   </datafield>
   <datafield ind1=" " ind2=" " tag="035">
      <subfield code="9">CMP7686TS</subfield>
   </datafield>
   <datafield ind1=" " ind2=" " tag="040">
      <subfield code="a">PUL</subfield>
      <subfield code="c">PUL</subfield>
   </datafield>
   <datafield ind1="1" ind2=" " tag="041">
      <subfield code="a">ara</subfield>
      <subfield code="h">urd</subfield>
   </datafield>
   <datafield ind1="1" ind2=" " tag="100">
      <subfield code="a">Nadvī, Sayyid Sulaimān,</subfield>
      <subfield code="d">-1953.</subfield>
      <subfield code="0">http://id.loc.gov/authorities/names/n50063253</subfield>
   </datafield>
   <datafield ind1="0" ind2="3" tag="245">
      <subfield code="a">al-Risālah al-Muḥammadīyah ...</subfield>
   </datafield>
   <datafield ind1=" " ind2=" " tag="260">
      <subfield code="a">Cairo,</subfield>
      <subfield code="c">1372 [1953?]</subfield>
   </datafield>
   <datafield ind1=" " ind2=" " tag="300">
      <subfield code="a">184 p.</subfield>
      <subfield code="c">22 cm.</subfield>
   </datafield>
   <datafield ind1=" " ind2=" " tag="500">
      <subfield code="a">Eight lectures, translated from Urdu into Arabic by Muḥammad Nāẓim al-Nadwi.</subfield>
   </datafield>
   <datafield ind1=" " ind2=" " tag="945">
      <subfield code="a">INDO</subfield>
      <subfield code="b">1</subfield>
      <subfield code="c">2414.6.366.83</subfield>
   </datafield>
   <datafield ind1=" " ind2=" " tag="911">
      <subfield code="a">19991112</subfield>
   </datafield>
   <datafield ind1="0" ind2="0" tag="852">
      <subfield code="0">2946818</subfield>
      <subfield code="b">clas</subfield>
      <subfield code="t">1</subfield>
      <subfield code="h">BP188.2</subfield>
      <subfield code="i">.N338 1953</subfield>
   </datafield>
   <datafield ind1=" " ind2=" " tag="959">
      <subfield code="a">2009-03-02 11:21:55 -0400</subfield>
   </datafield>
</record>
